@article{
    barendregt1993,
    author =    "Henk Barendregt",
    year =      "1993",
    title  =    "Lambda calculi with types",
    journal =   "Handbook of Logic in Computer Science",
    volume =    "II"
}


@article{
    church1936,
    author =    "Alonzo Church",
    year =      "1936",
    title  =    "An unsolvable problem of elementary number theory",
    journal =   "Journal of Mathematics",
    volume =    "58",
    pages =     "354--363"
}


@article{
    churchrosser1936,
    author =    "Alonzo Church and Rosser J.B.",
    year =      "1936",
    title  =    "Some properties of conversion",
    journal =   "Trans. Amer. Math. Soc.",
    volume =    "39",
    pages =     "472--482"
}


@article{
    goedel1931,
    author =    "Kurt Gödel",
    year =      "1931",
    title  =    "Über formal unentscheidbare {Sätze} der {Principia}
    {Mathematica} und
    verwandter {Systeme}",
    journal =   "Monatshefte für Mathematik und Physik",
    volume =    "38",
    pages =     "173--198"

}


@article{
    luo1990,
    author =    "Zhaohui Luo",
    year =      "1990",
    title  =    "An Extended Calculus of Constructions ({PhD} thesis)",
    journal =   "Report CST-65-90/ECS-LFCS-90-118, Department of Computer Science, University of Edinburgh."
}



@article{
    schoenfinkel1924,
    author =    "Schönfinkel, M.",
    year =      "1924",
    title  =    "{Über} {Bausteine} der mathematischen {Logic}",
    journal =   "Mathematische Annalen",
    volume =    "92",
    pages =     "305--316"

}

@book{
    smullyan,
    author =    "Raymond Smullyan",
    year =      "1985",
    title  =    "To Mock a Mockingbird and Other Logic Puzzles",
    publisher = "Knopf",
    ISBN =      "0-19-280142-2"

}

@article{
    turing1936,
    author =    "Turing A.M.",
    year =      "1936/7",
    title  =    "On computable numbers, with application to the Entscheidungsproblem",
    journal =   "Proceedings of the London Mathematical Society",
    volume =    "42",
    pages =     "230--265"

}
